<mx:record xmlns="http://www.w3.org/TR/xhtml1/strict" xmlns:mx="http://www.loc.gov/MARC21/slim" xmlns:xsi="http://www.w3.org/2001/XMLSchema-instance"><mx:leader>00000cz   2200000n  4500</mx:leader><mx:controlfield tag="001">oca01204074 </mx:controlfield><mx:controlfield tag="005">19950314054755.6</mx:controlfield><mx:controlfield tag="008">841114n| acannaab|          |a aaa     c</mx:controlfield><mx:datafield ind1=" " ind2=" " tag="010"><mx:subfield code="a">n  84805968</mx:subfield></mx:datafield><mx:datafield ind1=" " ind2=" " tag="040"><mx:subfield code="a">ICU</mx:subfield><mx:subfield code="c">ICU</mx:subfield><mx:subfield code="d">DLC</mx:subfield><mx:subfield code="d">MiU</mx:subfield><mx:subfield code="d">MoSW-Mu</mx:subfield></mx:datafield><mx:datafield ind1="0" ind2=" " tag="100"><mx:subfield code="a">Nicomachus,</mx:subfield><mx:subfield code="c">of Gerasa</mx:subfield></mx:datafield><mx:datafield ind1="0" ind2=" " tag="400"><mx:subfield code="a">Nicomachus</mx:subfield><mx:subfield code="c">Gerasenus</mx:subfield><mx:subfield code="w">nna</mx:subfield></mx:datafield><mx:datafield ind1="0" ind2=" " tag="400"><mx:subfield code="a">Nichomachus,</mx:subfield><mx:subfield code="c">of Gerasa</mx:subfield></mx:datafield><mx:datafield ind1="0" ind2=" " tag="400"><mx:subfield code="a">Nicomaque,</mx:subfield><mx:subfield code="c">de Gérase</mx:subfield></mx:datafield><mx:datafield ind1="0" ind2=" " tag="400"><mx:subfield code="a">Nikomachos,</mx:subfield><mx:subfield code="c">von Gerasa</mx:subfield></mx:datafield><mx:datafield ind1="0" ind2=" " tag="400"><mx:subfield code="a">Nicomachus,</mx:subfield><mx:subfield code="c">the Pythagorean</mx:subfield></mx:datafield><mx:datafield ind1=" " ind2=" " tag="670"><mx:subfield code="a">LCCN 26-9423: His Introduction to arithmetic, 1926</mx:subfield><mx:subfield code="b">(hdg.: Nicomachus Gerasenus; usage: Nicomachus of Gerasa)</mx:subfield></mx:datafield><mx:datafield ind1=" " ind2=" " tag="670"><mx:subfield code="a">LC data base, 10-26-84</mx:subfield><mx:subfield code="b">(hdg.: Nicomachus Gerasenus; usage: Nichomachus of Gerasa)</mx:subfield></mx:datafield><mx:datafield ind1=" " ind2=" " tag="670"><mx:subfield code="a">Enc. brit. 15th ed.</mx:subfield><mx:subfield code="b">(Nicomachus of Gerasa)</mx:subfield></mx:datafield><mx:datafield ind1=" " ind2=" " tag="670"><mx:subfield code="a">Enc. amer., 1984</mx:subfield><mx:subfield code="b">(Nicomachus of Gerasa)</mx:subfield></mx:datafield><mx:datafield ind1=" " ind2=" " tag="670"><mx:subfield code="a">His Manuel d&amp;#039;harmonique et autres textes ... 1881:</mx:subfield><mx:subfield code="b">t.p. (Nicomaque de Gérase)</mx:subfield></mx:datafield><mx:datafield ind1=" " ind2=" " tag="670"><mx:subfield code="a">Haase, W.  Untersuchungen zu Nikomachos von Gerasa, 1982.</mx:subfield></mx:datafield><mx:datafield ind1=" " ind2=" " tag="670"><mx:subfield code="a">Nichomachus, of Gerasa. The Manual of harmonics of Nichomachus the Pythagorean, 1994.</mx:subfield></mx:datafield><mx:datafield ind1=" " ind2=" " tag="999"><mx:subfield code="a">5423.9469</mx:subfield></mx:datafield></mx:record>